@book{hecht,
	author = "Eugene Hecht",
	title = "Optics, 5th ed.",
	year = "2016",
	publisher = "Pearson Education"
}
