@misc{spielman,
	author = "D.~Spielman",
	title = "Graphs and Networks",
	year = "Fall 2010",
	institution = "Yale University",
	note = "Lectures 8, 9, 11",
	howpublished = "\url{http://www.cs.yale.edu/homes/spielman/462/2010/}"
}

@article{lovasz1,
	author = "L.~Lovász",
	title = "Random Walks on Graphs: A Survey",
	journal = "Combinatorics, Paul Erdős is Eighty",
	volume = "2",
	publisher = "Janós Bolyai Math. Soc.",
	pages = "353--398",
	year = "1996",
	note = "\url{http://web.cs.elte.hu/~lovasz/erdos.pdf}"
}

@misc{lovasz2,
	author = "L.~Lovász",
	title = "Random Walks: Notes",
	year = "2017",
	month = "desembre",
	institution = "Eötvös Loránd University",
	note = "Notes del curs \emph{Selected topics in graph theory}",
	howpublished = "\url{http://web.cs.elte.hu/~lovasz/kurzusok/randwalk4.pdf}"
}

@misc{moore,
	author = "C.~N.~Moore",
	title = "Random Walks",
	institution = "Kansas State University",
	school = "Department of Mathematics",
	howpublished = "\url{https://www.math.ksu.edu/~cnmoore/randomwalk.pdf}"
}

@inproceedings{fabrega,
	author = "J.~Fàbrega",
	title = "Random Walks on Graphs",
	organization = "Universitat Politècnica de Catalunya",
	booktitle = "Journées Combinatoire et Algorithmes du Littoral Mediterranéen",
	year = "2011",
	month = "juny",
	note = "\url{http://www.lirmm.fr/~sau/JCALM/Josep.pdf}"
}

@misc{kozdron,
	author = "M.~Kozdron",
	title = "An Introduction to Random Walks from {P}ólya to Self-Avoidance",
	institution = "Duke University",
	year = "1998",
	month = "desembre",
	note = "\url{http://stat.math.uregina.ca/~kozdron/Research/Talks/duke_polya.pdf}"
}
