
@online{method,
   author={Thomas P. Minka },
   title={Beyond Newtonâ€™s method},
   journal={Bulletin of the World Health Organization},
   date={2000},
   url={https://tminka.github.io/papers/minka-newton.pdf}
}

 @Manual{Rhelp,
    title = {RDocumentation: optimize},
    author = {{R Core Team}},
    organization = {R Foundation for Statistical Computing},
    url = {https://www.rdocumentation.org/packages/stats/versions/3.5.3/topics/optimize},
  }

