@misc{fortune,
	title = "2019 {Fortune} 500 {List}",
	howpublished = "\url{http://fortune.com/fortune500/caterpillar/}"
}

@misc{global,
	title = "2019 {Fortune} {Global} 500 {List}",
	howpublished = "\url{http://fortune.com/global500/caterpillar/}"
}

@misc{cat,
	title = "About {Caterpillar}",
	howpublished = "\url{https://www.cat.com/about-cat}"
}
